## Univariate Extremes ##

@article{Nolde2018,
  title = {Conditional Extremes in Asymmetric Financial Markets},
  volume = {38},
  ISSN = {1537-2707},
  url = {http://dx.doi.org/10.1080/07350015.2018.1476248},
  DOI = {10.1080/07350015.2018.1476248},
  number = {1},
  journal = {Journal of Business &amp; Economic Statistics},
  publisher = {Informa UK Limited},
  author = {Nolde,  Natalia and Zhang,  Jinyuan},
  year = {2018},
  month = jul,
  pages = {201–213}
}

# Bible 
@book{Coles2001,
  title     = "An introduction to statistical modeling of extreme values",
  author    = "Coles, Stuart",
  publisher = "Springer",
  series    = "Springer series in statistics",
  edition   =  2001,
  month     =  nov,
  year      =  2001,
  address   = "Guildford, England",
  language  = "en"
}

# 
@article{Leonard2014,
  title={A compound event framework for understanding extreme impacts},
  author={Leonard, Michael and Westra, Seth and Phatak, Aloke and Lambert, Martin and van den Hurk, Bart and McInnes, Kathleen and Risbey, James and Schuster, Sandra and Jakob, Doerte and Stafford-Smith, Mark},
  journal={Wiley Interdisciplinary Reviews: Climate Change},
  volume={5},
  number={1},
  pages={113--128},
  year={2014},
  publisher={Wiley Online Library}
}

@article{Furio2013,
  title={Extreme value theory versus traditional GARCH approaches applied to financial data: a comparative evaluation},
  author={Furi{\'o}, Dolores and Climent, Francisco J},
  journal={Quantitative Finance},
  volume={13},
  number={1},
  pages={45--63},
  year={2013},
  publisher={Taylor \& Francis}
}

@article{dridi2012monitoring,
  title={On monitoring financial stress index with extreme value theory},
  author={Dridi, Amira and El Ghourabi, Mohamed and Limam, Mohamed},
  journal={Quantitative Finance},
  volume={12},
  number={3},
  pages={329--339},
  year={2012},
  publisher={Taylor \& Francis}
}

@misc{Koh2024,
      title={Extreme-value modelling of migratory bird arrival dates: Insights from citizen science data}, 
      author={Jonathan Koh and Thomas Opitz},
      year={2024},
      eprint={2312.01870},
      archivePrefix={arXiv},
      primaryClass={stat.ME},
      url={https://arxiv.org/abs/2312.01870}, 
}

@ARTICLE{Karpov2022-xj,
  title     = "Extreme value theory inspires explainable machine learning
               approach for seizure detection",
  author    = "Karpov, Oleg E and Grubov, Vadim V and Maksimenko, Vladimir A
               and Kurkin, Semen A and Smirnov, Nikita M and Utyashev, Nikita P
               and Andrikov, Denis A and Shusharina, Natalia N and Hramov,
               Alexander E",
  journal   = "Sci. Rep.",
  publisher = "Springer Science and Business Media LLC",
  volume    =  12,
  number    =  1,
  pages     = "11474",
  month     =  jul,
  year      =  2022,
  copyright = "https://creativecommons.org/licenses/by/4.0",
  language  = "en"
}

@article{zscheischler2018future,
  title={Future climate risk from compound events},
  author={Zscheischler, Jakob and Westra, Seth and Van Den Hurk, Bart JJM and Seneviratne, Sonia I and Ward, Philip J and Pitman, Andy and AghaKouchak, Amir and Bresch, David N and Leonard, Michael and Wahl, Thomas and others},
  journal={Nature climate change},
  volume={8},
  number={6},
  pages={469--477},
  year={2018},
  publisher={Nature Publishing Group UK London}
}

@article{bevacqua2021guidelines,
  title={Guidelines for studying diverse types of compound weather and climate events},
  author={Bevacqua, Emanuele and De Michele, Carlo and Manning, Colin and Couasnon, Ana{\"\i}s and Ribeiro, Andreia FS and Ramos, Alexandre M and Vignotto, Edoardo and Bastos, Ana and Blesi{\'c}, Suzana and Durante, Fabrizio and others},
  journal={Earth's Future},
  volume={9},
  number={11},
  pages={e2021EF002340},
  year={2021},
  publisher={Wiley Online Library}
}

@ARTICLE{AghaKouchak2020-ji,
  title     = "Climate extremes and compound hazards in a warming world",
  author    = "AghaKouchak, Amir and Chiang, Felicia and Huning, Laurie S and
               Love, Charlotte A and Mallakpour, Iman and Mazdiyasni, Omid and
               Moftakhari, Hamed and Papalexiou, Simon Michael and Ragno, Elisa
               and Sadegh, Mojtaba",
  journal   = "Annu. Rev. Earth Planet. Sci.",
  publisher = "Annual Reviews",
  volume    =  48,
  number    =  1,
  pages     = "519--548",
  month     =  may,
  year      =  2020,
  language  = "en"
}

@ARTICLE{Zheng2023-jf,
  title     = "Clustering by the probability distributions from extreme value
               theory",
  author    = "Zheng, Sixiao and Fan, Ke and Hou, Yanxi and Feng, Jianfeng and
               Fu, Yanwei",
  journal   = "IEEE Trans. Artif. Intell.",
  publisher = "Institute of Electrical and Electronics Engineers (IEEE)",
  volume    =  4,
  number    =  2,
  pages     = "292--303",
  month     =  apr,
  year      =  2023,
  copyright = "https://ieeexplore.ieee.org/Xplorehelp/downloads/license-information/IEEE.html"
}

@ARTICLE{Ferreira2023-mz,
  title     = "Clustering of extreme values: estimation and application",
  author    = "Ferreira, Marta",
  journal   = "Adv. Stat. Anal.",
  publisher = "Springer Science and Business Media LLC",
  volume    =  108,
  number    =  1,
  pages     = "1--25",
  month     =  mar,
  year      =  2023,
  copyright = "https://creativecommons.org/licenses/by/4.0",
  language  = "en"
}




@article{tanarhte2015heat,
  title={Heat wave characteristics in the eastern Mediterranean and Middle East using extreme value theory},
  author={Tanarhte, Meryem and Hadjinicolaou, Panos and Lelieveld, Jos},
  journal={Climate Research},
  volume={63},
  number={2},
  pages={99--113},
  year={2015}
}

@article{koh2023gradient,
  title={Gradient boosting with extreme-value theory for wildfire prediction},
  author={Koh, Jonathan},
  journal={Extremes},
  volume={26},
  number={2},
  pages={273--299},
  year={2023},
  publisher={Springer}
}

@article{Rohrbeck_flooding,
 ISSN = {19326157, 19417330},
 URL = {https://www.jstor.org/stable/26542528},
 author = {Christian Rohrbeck and Emma F. Eastoe and Arnoldo Frigessi and Jonathan A. Tawn},
 journal = {The Annals of Applied Statistics},
 number = {1},
 pages = {246--282},
 publisher = {Institute of Mathematical Statistics},
 title = {Extreme value moodelling of water-related insurance claims},
 urldate = {2024-05-07},
 volume = {12},
 year = {2018}
}

@article{osei2021estimation,
  title={Estimation of the return periods of maxima rainfall and floods at the Pra River Catchment, Ghana, West Africa using the Gumbel extreme value theory},
  author={Osei, Marian Amoakowaah and Amekudzi, Leonard Kofitse and Omari-Sasu, Akoto Yaw and Yamba, Edmund Ilimoan and Quansah, Emmanuel and Aryee, Jeffrey NA and Preko, Kwasi},
  journal={Heliyon},
  volume={7},
  number={5},
  year={2021},
  publisher={Elsevier}
}

@article{soukissian2015effect,
  title={The effect of the generalized extreme value distribution parameter estimation methods in extreme wind speed prediction},
  author={Soukissian, Takvor H and Tsalis, Christos},
  journal={Natural Hazards},
  volume={78},
  pages={1777--1809},
  year={2015},
  publisher={Springer}
}

@article{steinkohl2013extreme,
  title={Extreme value analysis of multivariate high-frequency wind speed data},
  author={Steinkohl, Christina and Davis, Richard A and Kl{\"u}ppelberg, Claudia},
  journal={Journal of Statistical Theory and Practice},
  volume={7},
  pages={73--94},
  year={2013},
  publisher={Springer}
}


@article{Zscheischler2017,
  title={Dependence of drivers affects risks associated with compound events},
  author={Zscheischler, Jakob and Seneviratne, Sonia I},
  journal={Science advances},
  volume={3},
  number={6},
  pages={e1700263},
  year={2017},
  publisher={American Association for the Advancement of Science}
}

@article{french2019quantifying,
  title={Quantifying the risk of heat waves using extreme value theory and spatio-temporal functional data},
  author={French, Joshua and Kokoszka, Piotr and Stoev, Stilian and Hall, Lauren},
  journal={Computational Statistics \& Data Analysis},
  volume={131},
  pages={176--193},
  year={2019},
  publisher={Elsevier}
}

@article{Martius2016,
  title={A global quantification of compound precipitation and wind extremes},
  author={Martius, Olivia and Pfahl, Stephan and Chevalier, Cl{\'e}ment},
  journal={Geophysical Research Letters},
  volume={43},
  number={14},
  pages={7709--7717},
  year={2016},
  publisher={Wiley Online Library}
}

@misc{Hersbach2020,
  title     = "{ERA5} hourly data on single levels from 1940 to present",
  author    = "{C3S}",
  publisher = "Copernicus Climate Change Service (C3S) Climate Data Store (CDS)",
  author = "Hersbach, H. and Bell, B. and Berrisford, P. and Biavati, G. and Horányi, A. and Muñoz Sabater, J. and Nicolas, J. and Peubey, C. and Radu, R. and Rozum, I. and Schepers, D. and Simmons, A. and Soci, C. and Dee, D. and Thépaut, J-N",
  year      =  2018
}

@inproceedings{Sando2022,
	title        = {Estimating Joint Extremes of Significant Wave Height and Wind Speed for Tropical Cyclones},
	author       = {Sando,  Kosuke and Wada,  Ryota and Rohmer,  Jeremy and Lecacheux,  Sophie and Jonathan,  Philip},
	year         = 2022,
	month        = jun,
	booktitle    = {Volume 5B: Ocean Engineering; Honoring Symposium for Professor G\"{u}nther F. Clauss on Hydrodynamics and Ocean Engineering},
	publisher    = {American Society of Mechanical Engineers},
	series       = {OMAE2022},
	doi          = {10.1115/omae2022-79888},
	url          = {http://dx.doi.org/10.1115/OMAE2022-79888},
	collection   = {OMAE2022}
}

@misc{FloodsWinter,
	author = {},
	title = {{F}loods of winter 2015 to 2016: estimating the costs --- gov.uk},
	howpublished = {\url{https://www.gov.uk/government/publications/floods-of-winter-2015-to-2016-estimating-the-costs}},
	year = {},
	note = {[Accessed 06-09-2024]},
}

@article{Bengtsson2009,
  title={Will extratropical storms intensify in a warmer climate?},
  author={Bengtsson, Lennart and Hodges, Kevin I and Keenlyside, Noel},
  journal={Journal of Climate},
  volume={22},
  number={9},
  pages={2276--2301},
  year={2009}
}

@article{Gandoin2024,
  title = {Underestimation of strong wind speeds offshore in ERA5: evidence,  discussion,  and correction},
  url = {http://dx.doi.org/10.5194/wes-2024-27},
  DOI = {10.5194/wes-2024-27},
  publisher = {Copernicus GmbH},
  author = {Gandoin,  Rémi and Garza,  Jorge},
  year = {2024},
  month = mar 
}

# Block maxima definition
@article{Fisher1928,
  title     = "Limiting forms of the frequency distribution of the largest or
               smallest member of a sample",
  author    = "Fisher, R A and Tippett, L H C",
  journal   = "Math. Proc. Camb. Philos. Soc.",
  publisher = "Cambridge University Press (CUP)",
  volume    =  24,
  number    =  2,
  pages     = "180--190",
  month     =  apr,
  year      =  1928,
  language  = "en"
}

# Peaks-over-threshold
@article{Pickands1975,
  title     = "Statistical inference using extreme order statistics",
  author    = "Pickands, James",
  journal   = "Ann. Stat.",
  publisher = "Institute of Mathematical Statistics",
  volume    =  3,
  number    =  1,
  pages     = "119--131",
  month     =  jan,
  year      =  1975
}

@article{Balkema1974,
  title     = "Residual life time at great age",
  author    = "Balkema, A A and de Haan, L",
  journal   = "Ann. Probab.",
  publisher = "Institute of Mathematical Statistics",
  volume    =  2,
  number    =  5,
  pages     = "792--804",
  month     =  oct,
  year      =  1974
}

@article{Gnedenko1943,
  title     = "Sur La Distribution Limite Du Terme Maximum {D'Une} Serie
               Aleatoire",
  author    = "Gnedenko, B",
  journal   = "Ann. Math.",
  publisher = "JSTOR",
  volume    =  44,
  number    =  3,
  pages     = "423",
  month     =  jul,
  year      =  1943
}

% Threshold selection
@misc{Murphy2024,
      title={Automated threshold selection and associated inference uncertainty for univariate extremes}, 
      author={Conor Murphy and Jonathan A. Tawn and Zak Varty},
      year={2024},
      eprint={2310.17999},
      archivePrefix={arXiv},
      primaryClass={stat.ME}
}

# Bayesian Quantile Regression
@article{Yu2001,
title = {Bayesian quantile regression},
journal = {Statistics and Probability Letters},
volume = {54},
number = {4},
pages = {437-447},
year = {2001},
issn = {0167-7152},
doi = {https://doi.org/10.1016/S0167-7152(01)00124-9},
url = {https://www.sciencedirect.com/science/article/pii/S0167715201001249},
author = {Keming Yu and Rana A. Moyeed}
}

# evgam paper
@article{Youngman2022,
 title={evgam: An R Package for Generalized Additive Extreme Value Models},
 volume={103},
 url={https://www.jstatsoft.org/index.php/jss/article/view/v103i03},
 doi={10.18637/jss.v103.i03},
 number={3},
 journal={Journal of Statistical Software},
 author={Youngman, Benjamin D.},
 year={2022},
 pages={1–26}
}

# evgam for sigma, xi, also quantile regression used for location-specific thresholds
@article{Youngman2019,
  author = {Benjamin D. Youngman},
  title = {Generalized Additive Models for Exceedances of High Thresholds With an Application to Return Level Estimation for U.S. Wind Gusts},
  journal = {Journal of the American Statistical Association},
  volume = {114},
  number = {528},
  pages = {1865--1879},
  year = {2019},
  publisher = {ASA Website},
  doi = {10.1080/01621459.2018.1529596},
  URL = {https://doi.org/10.1080/01621459.2018.1529596},
  eprint = {https://doi.org/10.1080/01621459.2018.1529596}
}

# Why not to use max-stable processes (and use spatial conditional extremes as well)
@misc{Huser2024,
      title={Modeling of spatial extremes in environmental data science: Time to move away from max-stable processes}, 
      author={Raphaël Huser and Thomas Opitz and Jennifer Wadsworth},
      year={2024},
      eprint={2401.17430},
      archivePrefix={arXiv},
      primaryClass={stat.ME},
      url={https://arxiv.org/abs/2401.17430}, 
}


# PhD Thesis, lots here
@phdthesis{Shooter2020,
title = "Conditional models for spatial extremes",
author = "Robert Shooter",
year = "2020",
doi = "10.17635/lancaster/thesis/919",
language = "English",
publisher = "Lancaster University",
school = "Lancaster University",
}

# Extreme value software, including many threshold selection methods
@misc{Belzile2022,
      title={A modeler's guide to extreme value software}, 
      author={Léo R. Belzile and Christophe Dutang and Paul J. Northrop and Thomas Opitz},
      year={2022},
      eprint={2205.07714},
      archivePrefix={arXiv},
      primaryClass={stat.CO},
      url={https://arxiv.org/abs/2205.07714}, 
}

# Reference for fixing shape parameter over time
@article{Risser2019,
   title={Detected Changes in Precipitation Extremes at Their Native Scales Derived from In Situ Measurements},
   volume={32},
   ISSN={1520-0442},
   url={http://dx.doi.org/10.1175/JCLI-D-19-0077.1},
   DOI={10.1175/jcli-d-19-0077.1},
   number={23},
   journal={Journal of Climate},
   publisher={American Meteorological Society},
   author={Risser, Mark D. and Paciorek, Christopher J. and O’Brien, Travis A. and Wehner, Michael F. and Collins, William D.},
   year={2019},
   month=nov, 
   pages={8087–8109} 
}


# INLA 
@ARTICLE{Rue2009,
  title     = "Approximate Bayesian Inference for Latent Gaussian models by
               using Integrated Nested Laplace Approximations",
  author    = "Rue, H{\aa}vard and Martino, Sara and Chopin, Nicolas",
  journal   = "J. R. Stat. Soc. Series B Stat. Methodol.",
  publisher = "Oxford University Press (OUP)",
  volume    =  71,
  number    =  2,
  pages     = "319--392",
  month     =  apr,
  year      =  2009,
  language  = "en"
}

@misc{Opitz2018,
      title={INLA goes extreme: Bayesian tail regression for the estimation of high spatio-temporal quantiles}, 
      author={Thomas Opitz and Raphaël Huser and Haakon Bakka and Håvard Rue},
      year={2018},
      eprint={1802.01085},
      archivePrefix={arXiv},
      primaryClass={stat.ME},
      url={https://arxiv.org/abs/1802.01085}, 
}

# Penalised complexity priors
@misc{Simpson2015,
      title={Penalising model component complexity: A principled, practical approach to constructing priors}, 
      author={Daniel P. Simpson and Håvard Rue and Thiago G. Martins and Andrea Riebler and Sigrunn H. Sørbye},
      year={2015},
      eprint={1403.4630},
      archivePrefix={arXiv},
      primaryClass={stat.ME},
      url={https://arxiv.org/abs/1403.4630}, 
}

# GAMs
@book{Wood2006,
	title        = {Generalized additive models},
	author       = {Wood, Simon N},
	year         = 2006,
	month        = feb,
	publisher    = {Chapman \& Hall/CRC},
	address      = {Philadelphia, PA},
	series       = {Chapman \& Hall/CRC Texts in Statistical Science}
}


# Chi and chi bar
@ARTICLE{Coles1999,
  author    = "Coles, Stuart and Heffernan, Janet and Tawn, Jonathan",
  journal   = "Extremes (Boston)",
  publisher = "Springer Nature",
  volume    =  2,
  number    =  4,
  pages     = "339--365",
  year      =  1999
}

# texmex
@Manual{Southworth2024,
    title = {texmex: Statistical modelling of extreme values},
    author = {Harry Southworth and Janet E. Heffernan and Paul D. Metcalfe},
    year = {2024},
    note = {R package version 2.4.9}
}

# texmex vignettes
@article{Southworth2024_vignette,
  title = {texmexVignettes},
  author = {Harry Southworth and Janet E. Heffernan and Paul D. Metcalfe and Yiannis Papastathopoulos and Alec Stephenson and Stuart Coles},
  journal = {URL https://CRAN.R-Project.org/package=texmex. Vignette included in R package texmex, version 2.4.9},
  year = {2024},
  publisher = {CRAN},
  url = {https://CRAN.R-Project.org/package=texmex},
}

# k-means
@book{Macqueen1967,
  title={Some methods for classification and analysis of multivariate observations},
  author={Macqueen, J},
  booktitle={Proceedings of 5-th Berkeley Symposium on Mathematical Statistics and Probability/University of California Press},
  year={1967}
}

# k-mediods
@book{Kaufman1987,
  title={Statistical data analysis based on the L1-norm and related methods},
  author={Kaufman, Leonard and Rousseeuw, Peter J and Dodge, Y},
  booktitle={Second International Conference on Statistical Data Analysis Based on the L1-Norm and Related Methods},
  pages={405--416},
  year={1987}
}

@misc{metHistoricalData,
	author = {Met Éireann},
	title = { {H}istorical {D}ata - {M}et Éireann - {T}he {I}rish {M}eteorological {S}ervice --- met.ie},
	howpublished = {\url{https://www.met.ie/climate/available-data/historical-data}},
	year = {},
	note = {[Accessed 01-09-2024]},
}

# KL divergence
@article{Kullback1951,
  title     = "On Information and Sufficiency",
  author    = "Kullback, S and Leibler, R A",
  journal   = "Ann. Math. Stat.",
  publisher = "Institute of Mathematical Statistics",
  volume    =  22,
  number    =  1,
  pages     = "79--86",
  month     =  mar,
  year      =  1951
}

# spherical clustering references
@book{deCarvalho2024,
  title={Handbook on Statistics of Extremes},
  publisher={Chapman and Hall TCRC},
  author={de Carvalho, Miguel and Hass, Raphael and Naveau, Philippe and Reich, Brian J.},
  year={2024}
}

@misc{Fomichov2022,
      title={Spherical clustering in detection of groups of concomitant extremes}, 
      author={V. Fomichov and J. Ivanovs},
      year={2022},
      eprint={2010.12372},
      archivePrefix={arXiv},
      primaryClass={math.ST}
}

@article{Janen2020,
  title = {$k$-means clustering of extremes},
  volume = {14},
  ISSN = {1935-7524},
  url = {http://dx.doi.org/10.1214/20-EJS1689},
  DOI = {10.1214/20-ejs1689},
  number = {1},
  journal = {Electronic Journal of Statistics},
  publisher = {Institute of Mathematical Statistics},
  author = {Janßen,  Anja and Wan,  Phyllis},
  year = {2020},
  month = jan 
}

# spectral
@inproceedings{Ng2001,
 author = {Ng, Andrew and Jordan, Michael and Weiss, Yair},
 booktitle = {Advances in Neural Information Processing Systems},
 editor = {T. Dietterich and S. Becker and Z. Ghahramani},
 pages = {},
 publisher = {MIT Press},
 title = {On Spectral Clustering: Analysis and an algorithm},
 url = {https://proceedings.neurips.cc/paper_files/paper/2001/file/801272ee79cfde7fa5960571fee36b9b-Paper.pdf},
 volume = {14},
 year = {2001}
}

@misc{Vonluxburg2007,
      title={A Tutorial on Spectral Clustering}, 
      author={Ulrike von Luxburg},
      year={2007},
      eprint={0711.0189},
      archivePrefix={arXiv},
      primaryClass={cs.DS},
      url={https://arxiv.org/abs/0711.0189}, 
}

@misc{Richards2023,
      title={Modern extreme value statistics for Utopian extremes}, 
      author={Jordan Richards and Noura Alotaibi and Daniela Cisneros and Yan Gong and Matheus B. Guerrero and Paolo Redondo and Xuanjie Shao},
      year={2024},
      eprint={2311.11054},
      archivePrefix={arXiv},
      primaryClass={stat.ME},
      url={https://arxiv.org/abs/2311.11054}, 
}


## Conditional Extremes ##

@article{Heffernan2004,
  title = {A Conditional Approach for Multivariate Extreme Values (with Discussion)},
  volume = {66},
  ISSN = {1467-9868},
  url = {http://dx.doi.org/10.1111/j.1467-9868.2004.02050.x},
  DOI = {10.1111/j.1467-9868.2004.02050.x},
  number = {3},
  journal = {Journal of the Royal Statistical Society Series B: Statistical Methodology},
  publisher = {Oxford University Press (OUP)},
  author = {Heffernan,  Janet E. and Tawn,  Jonathan A.},
  year = {2004},
  month = jul,
  pages = {497–546}
}

@article{Keef2012_flooding,
author = {Keef, Caroline and Tawn, Jonathan A. and Lamb, Rob},
titge = {Estimating the probability of widespread flood events},
journal = {Environmetrics},
volume = {24},
number = {1},
pages = {13-21},
keywords = {multivariate extreme value theory, spatial flood risk assessment, conditional exceedance model, extremal dependence},
doi = {https://doi.org/10.1002/env.2190},
url = {https://onlinelibrary.wiley.com/doi/abs/10.1002/env.2190},
eprint = {https://onlinelibrary.wiley.com/doi/pdf/10.1002/env.2190},
year = {2013}
}

@article{Keef2013,
  title = {Estimation of the conditional distribution of a multivariate variable given that one of its components is large: Additional constraints for the Heffernan and Tawn model},
  volume = {115},
  ISSN = {0047-259X},
  url = {http://dx.doi.org/10.1016/j.jmva.2012.10.012},
  DOI = {10.1016/j.jmva.2012.10.012},
  journal = {Journal of Multivariate Analysis},
  publisher = {Elsevier BV},
  author = {Keef,  Caroline and Papastathopoulos,  Ioannis and Tawn,  Jonathan A.},
  year = {2013},
  month = mar,
  pages = {396–404}
}

@article{Jonathan2013,
title = {Joint modelling of extreme ocean environments incorporating covariate effects},
journal = {Coastal Engineering},
volume = {79},
pages = {22-31},
year = {2013},
issn = {0378-3839},
doi = {https://doi.org/10.1016/j.coastaleng.2013.04.005},
url = {https://www.sciencedirect.com/science/article/pii/S0378383913000811},
author = {Philip Jonathan and Kevin Ewans and David Randell},
keywords = {Offshore design, Joint extremes, Conditional extremes, Covariates}
}

@article{Winter2016,
author = {Hugo C. Winter and Jonathan A. Tawn and Simon J. Brown},
title = {{Modelling the effect of the El Niño-Southern Oscillation on extreme spatial temperature events over Australia}},
volume = {10},
journal = {The Annals of Applied Statistics},
number = {4},
publisher = {Institute of Mathematical Statistics},
pages = {2075 -- 2101},
keywords = {Conditional extremes, covariates, El Niño-Southern Oscillation, Extremal dependence, extreme temperature, severity-area-frequency curves, spatial extremes},
year = {2016},
doi = {10.1214/16-AOAS965},
URL = {https://doi.org/10.1214/16-AOAS965}
}

@article{Tawn2018,
title = {Modelling spatial extreme events with environmental applications},
journal = {Spatial Statistics},
volume = {28},
pages = {39-58},
year = {2018},
note = {One world, one health},
issn = {2211-6753},
doi = {https://doi.org/10.1016/j.spasta.2018.04.007},
url = {https://www.sciencedirect.com/science/article/pii/S2211675317302786},
author = {Jonathan Tawn and Rob Shooter and Ross Towe and Rob Lamb}
}

@article{Wadsworth2018,
  title={Spatial conditional extremes},
  author={Wadsworth, JL and Tawn, JA},
  journal={Manuscript submitted for publication},
  year={2018}
}

@article{Towe2019,
  title={Model-based inference of conditional extreme value distributions with hydrological applications},
  author={Towe, RP and Tawn, JA and Lamb, Rob and Sherlock, CG},
  journal={Environmetrics},
  volume={30},
  number={8},
  pages={e2575},
  year={2019},
  publisher={Wiley Online Library}
}

# To read! Spatiotemporal extremes
@article{Simpson2021,
   title={Conditional modelling of spatio-temporal extremes for Red Sea surface temperatures},
   volume={41},
   ISSN={2211-6753},
   url={http://dx.doi.org/10.1016/j.spasta.2020.100482},
   DOI={10.1016/j.spasta.2020.100482},
   journal={Spatial Statistics},
   publisher={Elsevier BV},
   author={Simpson, Emma S. and Wadsworth, Jennifer L.},
   year={2021},
   month=mar, pages={100482} }

@article{Simpson2023,
   title={High-dimensional modeling of spatial and spatio-temporal conditional extremes using INLA and Gaussian Markov random fields},
   volume={26},
   ISSN={1572-915X},
   url={http://dx.doi.org/10.1007/s10687-023-00468-8},
   DOI={10.1007/s10687-023-00468-8},
   number={4},
   journal={Extremes},
   publisher={Springer Science and Business Media LLC},
   author={Simpson, Emma S. and Opitz, Thomas and Wadsworth, Jennifer L.},
   year={2023},
   month=jul, pages={669–713} 
}

## Clustering ##

# Also add in stock market clustering paper!

@article{Bernard2013,
  title={Clustering of maxima: Spatial dependencies among heavy rainfall in France},
  author={Bernard, Elsa and Naveau, Philippe and Vrac, Mathieu and Mestre, Olivier},
  journal={Journal of climate},
  volume={26},
  number={20},
  pages={7929--7937},
  year={2013},
  publisher={American Meteorological Society}
}

@article{Carreau2017,
  title={Partitioning into hazard subregions for regional peaks-over-threshold modeling of heavy precipitation},
  author={Carreau, Julie and Naveau, P and Neppel, Luc},
  journal={Water Resources Research},
  volume={53},
  number={5},
  pages={4407--4426},
  year={2017},
  publisher={Wiley Online Library}
}

@article{Vignotto2021,
  title={Clustering bivariate dependencies of compound precipitation and wind extremes over Great Britain and Ireland},
  author={Vignotto, Edoardo and Engelke, Sebastian and Zscheischler, Jakob},
  journal={Weather and Climate Extremes},
  volume={32},
  pages={100318},
  year={2021},
  publisher={Elsevier}
}

@article{Rohrbeck2021,
  title={Bayesian spatial clustering of extremal behavior for hydrological variables},
  author={Rohrbeck, Christian and Tawn, Jonathan A},
  journal={Journal of Computational and Graphical Statistics},
  volume={30},
  number={1},
  pages={91--105},
  year={2021},
  publisher={Taylor \& Francis}
}

@article{Dupuis2023,
  title={Modeling panels of extremes},
  author={Dupuis, Debbie J and Engelke, Sebastian and Trapin, Luca},
  journal={The Annals of Applied Statistics},
  volume={17},
  number={1},
  pages={498--517},
  year={2023},
  publisher={Institute of Mathematical Statistics}
}

@article{deCarvalho2023,
author = {de Carvalho, Miguel and Huser, Raphael and Rubio, Rodrigo},
title = {Similarity-based clustering for patterns of extreme values},
journal = {Stat},
volume = {12},
number = {1},
pages = {e560},
keywords = {cluster analysis, cluster functions and scalars, extreme values, risk diversification, statistics of extremes},
doi = {https://doi.org/10.1002/sta4.560},
url = {https://onlinelibrary.wiley.com/doi/abs/10.1002/sta4.560},
eprint = {https://onlinelibrary.wiley.com/doi/pdf/10.1002/sta4.560},
year = {2023}
}

## Bayesian Extremes ##

@article{Bottolo2003,
  title={Bayesian analysis of extreme values by mixture modeling},
  author={Bottolo, Leonardo and Consonni, Guido and Dellaportas, Petros and Lijoi, Antonio},
  journal={Extremes},
  volume={6},
  pages={25--47},
  year={2003},
  publisher={Springer}
}

@article{Cooley2007,
  title={Bayesian spatial modeling of extreme precipitation return levels},
  author={Cooley, Daniel and Nychka, Douglas and Naveau, Philippe},
  journal={Journal of the American Statistical Association},
  volume={102},
  number={479},
  pages={824--840},
  year={2007},
  publisher={Taylor \& Francis}
}

@article{Reich2012,
  title={A hierarchical max-stable spatial model for extreme precipitation},
  author={Reich, Brian J and Shaby, Benjamin A},
  journal={The annals of applied statistics},
  volume={6},
  number={4},
  pages={1430},
  year={2012},
  publisher={NIH Public Access}
}

@article{Zhang2024,
  title={Leveraging Extremal Dependence to Better Characterize the 2021 Pacific Northwest Heatwave},
  author={Zhang, Likun and Risser, Mark D and Wehner, Michael F and O’Brien, Travis A},
  journal={Journal of Agricultural, Biological and Environmental Statistics},
  pages={1--22},
  year={2024},
  publisher={Springer}
}


